%% This BibTeX bibliography file was created using BibDesk.
%% http://bibdesk.sourceforge.net/


%% Created for Helang Liu at 2015-03-14 17:24:31 -0400 


%% Saved with string encoding Unicode (UTF-8) 



@webpage{timberinventoryprism,
	Date-Added = {2015-03-14 21:21:04 +0000},
	Date-Modified = {2015-03-14 21:23:58 +0000},
	Url = {http://gabrielhemery.com/category/silviculture/},
	Bdsk-File-1 = {YnBsaXN0MDDUAQIDBAUGJCVYJHZlcnNpb25YJG9iamVjdHNZJGFyY2hpdmVyVCR0b3ASAAGGoKgHCBMUFRYaIVUkbnVsbNMJCgsMDxJXTlMua2V5c1pOUy5vYmplY3RzViRjbGFzc6INDoACgAOiEBGABIAFgAdccmVsYXRpdmVQYXRoWWFsaWFzRGF0YV8QIXVzaW5nLWEtd2VkZ2UtcHJpc20tcmVsYXNjb3BlLmpwZ9IXCxgZV05TLmRhdGFPEQISAAAAAAISAAIAAA1IYWNraW50b3NoIEhEAAAAAAAAAAAAAAAAAADQ7HbESCsAAACTK+4fdXNpbmctYS13ZWRnZS1wcmlzbS0jOTM0NzFCLmpwZwAAAAAAAAAAAAAAAAAAAAAAAAAAAAAAAAAAAAAAAAAAAJNHG9EqHtcAAAAAAAAAAAABAAIAAAkgAAAAAAAAAAAAAAAAAAAABXByb2oyAAAQAAgAANDsvRQAAAARAAgAANEqVxcAAAABABwAkyvuAEX5GAAWMEYAFjA7AD21gAAMPsMAApOXAAIAZkhhY2tpbnRvc2ggSEQ6VXNlcnM6AGhlbGFuZzoAR29vZ2xlIERyaXZlOgBQcm9qZWN0czoATUFUSDoAMzg5OgBwcm9qMjoAdXNpbmctYS13ZWRnZS1wcmlzbS0jOTM0NzFCLmpwZwAOAEQAIQB1AHMAaQBuAGcALQBhAC0AdwBlAGQAZwBlAC0AcAByAGkAcwBtAC0AcgBlAGwAYQBzAGMAbwBwAGUALgBqAHAAZwAPABwADQBIAGEAYwBrAGkAbgB0AG8AcwBoACAASABEABIAU1VzZXJzL2hlbGFuZy9Hb29nbGUgRHJpdmUvUHJvamVjdHMvTUFUSC8zODkvcHJvajIvdXNpbmctYS13ZWRnZS1wcmlzbS1yZWxhc2NvcGUuanBnAAATAAEvAAAVAAIADf//AACABtIbHB0eWiRjbGFzc25hbWVYJGNsYXNzZXNdTlNNdXRhYmxlRGF0YaMdHyBWTlNEYXRhWE5TT2JqZWN00hscIiNcTlNEaWN0aW9uYXJ5oiIgXxAPTlNLZXllZEFyY2hpdmVy0SYnVHJvb3SAAQAIABEAGgAjAC0AMgA3AEAARgBNAFUAYABnAGoAbABuAHEAcwB1AHcAhACOALIAtwC/AtUC1wLcAucC8AL+AwIDCQMSAxcDJAMnAzkDPANBAAAAAAAAAgEAAAAAAAAAKAAAAAAAAAAAAAAAAAAAA0M=}}
